<?xml version="1.0" encoding="UTF-8"?><collection xmlns="http://www.loc.gov/MARC21/slim"><record><leader>00463nam--2200181-u-4500</leader><controlfield tag="001">000055357</controlfield><controlfield tag="002">20161230</controlfield><controlfield tag="005">20161230201052</controlfield><controlfield tag="008">130122s1000------------r-----000-0-rus-d</controlfield><datafield ind1=" " ind2=" " tag="040"><subfield code="a">IDIN-HH</subfield></datafield><datafield ind1=" " ind2=" " tag="041"><subfield code="a">rus</subfield></datafield><datafield ind1=" " ind2=" " tag="080"><subfield code="a">539.37</subfield></datafield><datafield ind1="1" ind2=" " tag="100"><subfield code="a">Sagomonian, A.Ia</subfield></datafield><datafield ind1="1" ind2="0" tag="245"><subfield code="a">Volni napriajenia v splosnihh sredah</subfield><subfield code="c">A.ia. sagomonian</subfield></datafield><datafield ind1=" " ind2=" " tag="260"><subfield code="a">Moskva</subfield><subfield code="b">Moskovskogo Universiteta</subfield><subfield code="c">1985</subfield></datafield><datafield ind1=" " ind2=" " tag="300"><subfield code="a">415P</subfield></datafield><datafield ind1=" " ind2=" " tag="852"><subfield code="a">72780</subfield><subfield code="c">539.3</subfield></datafield><datafield ind1=" " ind2=" " tag="CAT"><subfield code="a">Sys</subfield><subfield code="c">20130122</subfield><subfield code="h">131956</subfield></datafield></record></collection>